<?xml version="1.0" encoding="UTF-8"?><collection xmlns="http://www.loc.gov/MARC21/slim"><record><leader>00402nam--2200145-i-4500</leader><controlfield tag="001">000050008</controlfield><controlfield tag="002">20161230</controlfield><controlfield tag="005">20170116003753</controlfield><controlfield tag="008">060222s1000------------r-----000-0-eng-d</controlfield><datafield ind1=" " ind2=" " tag="100"><subfield code="a">Baev, K. L</subfield></datafield><datafield ind1=" " ind2=" " tag="245"><subfield code="a">Astronomiia. Uchebnik dlia fiziko-matematicheskih fakultetov pedagog. in-tov</subfield></datafield><datafield ind1=" " ind2=" " tag="260"><subfield code="a">Moskva</subfield><subfield code="b">Uchpedgiz</subfield><subfield code="c">1953</subfield></datafield><datafield ind1=" " ind2=" " tag="300"><subfield code="a">544 S.+ 7 L.+ 1 K</subfield></datafield><datafield ind1=" " ind2=" " tag="852"><subfield code="a">3312</subfield></datafield><datafield ind1=" " ind2=" " tag="CAT"><subfield code="a">SYS</subfield><subfield code="c">20170116</subfield><subfield code="h">003753</subfield></datafield></record></collection>